<?xml version="1.0" encoding="UTF-8"?><collection xmlns="http://www.loc.gov/MARC21/slim"><record><leader>00571nam--2200193-u-4500</leader><controlfield tag="001">000052851</controlfield><controlfield tag="002">20161230</controlfield><controlfield tag="005">20161230201050</controlfield><controlfield tag="008">101123s1000------------r-----000-0-eng-d</controlfield><datafield ind1=" " ind2=" " tag="020"><subfield code="a">0123049032</subfield></datafield><datafield ind1=" " ind2=" " tag="040"><subfield code="a">IFIN-HH</subfield></datafield><datafield ind1=" " ind2=" " tag="080"><subfield code="a">535.37:53.082.52</subfield></datafield><datafield ind1="1" ind2=" " tag="100"><subfield code="a">Mielenz, Klaus D</subfield></datafield><datafield ind1="1" ind2="0" tag="245"><subfield code="a">Optical radiation measurements</subfield><subfield code="b">Volume 3. measurement of photoluminescence</subfield><subfield code="c">KLAUS D. MIELENZ (Ed.)</subfield></datafield><datafield ind1=" " ind2=" " tag="260"><subfield code="a">TORONTO</subfield><subfield code="b">Academic Press</subfield><subfield code="c">1982</subfield></datafield><datafield ind1=" " ind2=" " tag="300"><subfield code="a">319p</subfield></datafield><datafield ind1=" " ind2=" " tag="490"><subfield code="a">Optical Radiation Measurements A Treatise</subfield></datafield><datafield ind1=" " ind2=" " tag="852"><subfield code="a">47444</subfield><subfield code="c">535</subfield></datafield><datafield ind1=" " ind2=" " tag="CAT"><subfield code="a">Sys</subfield><subfield code="c">20101123</subfield><subfield code="h">134843</subfield></datafield></record></collection>